@article{mancinelli2007hydration,
  title={Hydration of sodium, potassium, and chloride ions in solution and the concept of structure maker/breaker},
  author={Mancinelli, R and Botti, A and Bruni, F and Ricci, MA and Soper, AK},
  journal={The Journal of Physical Chemistry B},
  volume={111},
  number={48},
  pages={13570--13577},
  year={2007},
  publisher={ACS Publications}
}

@article{tielrooij2010cooperativity,
  title={Cooperativity in ion hydration},
  author={Tielrooij, KJ and Garcia-Araez, N and Bonn, M and Bakker, HJ},
  journal={Science},
  volume={328},
  number={5981},
  pages={1006--1009},
  year={2010},
  publisher={American Association for the Advancement of Science}
}

@article{mahler2011study,
  title={A study of the hydration of the alkali metal ions in aqueous solution},
  author={M\"ahler, Johan and Persson, Ingmar},
  journal={Inorganic chemistry},
  volume={51},
  number={1},
  pages={425--438},
  year={2011},
  publisher={ACS Publications}
}
@article{horinek2009rational,
  title={Rational design of ion force fields based on thermodynamic solvation properties},
  author={Horinek, Dominik and Mamatkulov, Shavkat I and Netz, Roland R},
  journal={The Journal of chemical physics},
  volume={130},
  number={12},
  pages={124507},
  year={2009},
  publisher={AIP Publishing}
}

@article{hirschorn2010constant,
  title={Constant-phase-element behavior caused by resistivity distributions in films I. Theory},
  author={Hirschorn, Bryan and Orazem, Mark E and Tribollet, Bernard and Vivier, Vincent and Frateur, Isabelle and Musiani, Marco},
  journal={Journal of The Electrochemical Society},
  volume={157},
  number={12},
  pages={C452--C457},
  year={2010},
  publisher={The Electrochemical Society}
}
